@Manual{R-base,
  title = {R: A Language and Environment for Statistical Computing},
  author = {{R Core Team}},
  organization = {R Foundation for Statistical Computing},
  address = {Vienna, Austria},
  year = {2018},
  url = {https://www.R-project.org/},
}
@Manual{R-bookdown,
  title = {bookdown: Authoring Books and Technical Documents with R Markdown},
  author = {Yihui Xie},
  year = {2018},
  note = {R package version 0.7},
  url = {https://CRAN.R-project.org/package=bookdown},
}
@Manual{R-epiR,
  title = {epiR: Tools for the Analysis of Epidemiological Data},
  author = {Mark Stevenson and Telmo Nunes and Cord Heuer and Jonathon Marshall and Javier Sanchez and Ron Thornton and Jeno Reiczigel and Jim Robison-Cox and Paola Sebastiani and Peter Solymos},
  year = {2017},
  note = {R package version 0.9-93},
  url = {https://CRAN.R-project.org/package=epiR},
}
@Manual{R-kableExtra,
  title = {kableExtra: Construct Complex Table with 'kable' and Pipe Syntax},
  author = {Hao Zhu},
  year = {2018},
  note = {R package version 0.9.0},
  url = {https://CRAN.R-project.org/package=kableExtra},
}
@Manual{R-knitr,
  title = {knitr: A General-Purpose Package for Dynamic Report Generation in R},
  author = {Yihui Xie},
  year = {2018},
  note = {R package version 1.20},
  url = {https://CRAN.R-project.org/package=knitr},
}
@Manual{R-pogit,
  title = {pogit: Bayesian Variable Selection for a Poisson-Logistic Model},
  author = {Michaela Dvorzak and Helga Wagner},
  year = {2016},
  note = {R package version 1.1.0},
  url = {https://CRAN.R-project.org/package=pogit},
}
@Manual{R-rmarkdown,
  title = {rmarkdown: Dynamic Documents for R},
  author = {JJ Allaire and Yihui Xie and Jonathan McPherson and Javier Luraschi and Kevin Ushey and Aron Atkins and Hadley Wickham and Joe Cheng and Winston Chang},
  year = {2018},
  note = {R package version 1.9},
  url = {https://CRAN.R-project.org/package=rmarkdown},
}
@Manual{R-rms,
  title = {rms: Regression Modeling Strategies},
  author = {Frank E. {Harrell, Jr.}},
  year = {2018},
  note = {R package version 5.1-2},
  url = {https://CRAN.R-project.org/package=rms},
}
@Manual{R-survival,
  title = {survival: Survival Analysis},
  author = {Terry M Therneau},
  year = {2018},
  note = {R package version 2.43-3},
  url = {https://CRAN.R-project.org/package=survival},
}
@Manual{R-survminer,
  title = {survminer: Drawing Survival Curves using 'ggplot2'},
  author = {Alboukadel Kassambara and Marcin Kosinski},
  year = {2018},
  note = {R package version 0.4.2},
  url = {https://CRAN.R-project.org/package=survminer},
}
@Manual{R-tidyverse,
  title = {tidyverse: Easily Install and Load the 'Tidyverse'},
  author = {Hadley Wickham},
  year = {2017},
  note = {R package version 1.2.1},
  url = {https://CRAN.R-project.org/package=tidyverse},
}
